<record><leader>00000cas a2200000 a 4500</leader><controlfield tag="001">191222955</controlfield><controlfield tag="008">921116d18581860iluwr ne      0   a0eng c</controlfield><datafield ind1=" " ind2=" " tag="010"><subfield code="a">  2012271013</subfield></datafield><datafield ind1=" " ind2=" " tag="040"><subfield code="a">MWA</subfield><subfield code="b">eng</subfield><subfield code="c">AQM</subfield><subfield code="d">OCLCQ</subfield><subfield code="d">NVF</subfield><subfield code="d">OCLCF</subfield><subfield code="d">OCLCO</subfield><subfield code="d">NVF</subfield><subfield code="d">OCLCO</subfield><subfield code="d">OCL</subfield></datafield><datafield ind1=" " ind2=" " tag="042"><subfield code="a">pcc</subfield></datafield><datafield ind1=" " ind2=" " tag="043"><subfield code="a">n-us-il</subfield></datafield><datafield ind1="0" ind2="4" tag="245"><subfield code="a">The North Western prairie farmer.</subfield></datafield><datafield ind1="1" ind2="7" tag="246"><subfield code="a">North-Western prairie farmer</subfield></datafield><datafield ind1="3" ind2=" " tag="246"><subfield code="a">Northwestern prairie farmer</subfield></datafield><datafield ind1=" " ind2=" " tag="260"><subfield code="a">Chicago [Ill.] :</subfield><subfield code="b">Wm. S. Honnold,</subfield><subfield code="c">1858-1860.</subfield></datafield><datafield ind1="3" ind2=" " tag="260"><subfield code="3">1858-</subfield><subfield code="a">Chicago [Ill.] :</subfield><subfield code="b">James C. Medill</subfield></datafield><datafield ind1=" " ind2=" " tag="300"><subfield code="a">v. ;</subfield><subfield code="c">40 cm.</subfield></datafield><datafield ind1=" " ind2=" " tag="310"><subfield code="a">Weekly</subfield></datafield><datafield ind1="0" ind2=" " tag="362"><subfield code="a">Vol. 1, no. 1 (Oct. 7, 1858)-</subfield></datafield><datafield ind1="1" ind2=" " tag="362"><subfield code="a">Ceased in 1860?</subfield><subfield code="z">Cf. Newspapers and periodicals in Ill.</subfield></datafield><datafield ind1=" " ind2=" " tag="500"><subfield code="a">"Devoted to western agriculture, horticulture, mechanics, education, literature, markets and general news."</subfield></datafield><datafield ind1=" " ind2=" " tag="530"><subfield code="3">1858</subfield><subfield code="a">available in microfilm;</subfield><subfield code="b">Illinois State Historical Library.</subfield></datafield><datafield ind1=" " ind2=" " tag="588"><subfield code="a">Latest issue consulted: June 18, 1859.</subfield></datafield><datafield ind1=" " ind2="0" tag="650"><subfield code="a">Agriculture</subfield><subfield code="z">Middle West</subfield><subfield code="v">Newspapers.</subfield></datafield><datafield ind1=" " ind2="0" tag="650"><subfield code="a">Horticulture</subfield><subfield code="z">Middle West</subfield><subfield code="v">Newspapers.</subfield></datafield><datafield ind1=" " ind2="0" tag="650"><subfield code="a">Agricultural mechanics</subfield><subfield code="z">Middle West</subfield><subfield code="v">Newspapers.</subfield></datafield><datafield ind1=" " ind2="0" tag="650"><subfield code="a">Agricultural innovations</subfield><subfield code="z">Middle West</subfield><subfield code="v">Newspapers.</subfield></datafield><datafield ind1=" " ind2="0" tag="650"><subfield code="a">Farmers</subfield><subfield code="x">Education</subfield><subfield code="z">Middle West</subfield><subfield code="v">Newspapers.</subfield></datafield><datafield ind1=" " ind2="0" tag="650"><subfield code="a">Farm life</subfield><subfield code="z">Middle West</subfield><subfield code="v">Newspapers.</subfield></datafield><datafield ind1=" " ind2="0" tag="651"><subfield code="a">Middle West</subfield><subfield code="v">Newspapers.</subfield></datafield><datafield ind1=" " ind2="7" tag="655"><subfield code="a">Agricultural periodicals.</subfield><subfield code="2">loal</subfield></datafield><datafield ind1=" " ind2="7" tag="655"><subfield code="a">Newspapers.</subfield><subfield code="2">fast</subfield><subfield code="0">(OCoLC)fst01423814</subfield></datafield><datafield ind1=" " ind2="7" tag="650"><subfield code="a">Agricultural innovations.</subfield><subfield code="2">fast</subfield><subfield code="0">(OCoLC)fst00800915</subfield></datafield><datafield ind1=" " ind2="7" tag="650"><subfield code="a">Agricultural mechanics.</subfield><subfield code="2">fast</subfield><subfield code="0">(OCoLC)fst00801141</subfield></datafield><datafield ind1=" " ind2="7" tag="650"><subfield code="a">Agriculture.</subfield><subfield code="2">fast</subfield><subfield code="0">(OCoLC)fst00801355</subfield></datafield><datafield ind1=" " ind2="7" tag="650"><subfield code="a">Farm life.</subfield><subfield code="2">fast</subfield><subfield code="0">(OCoLC)fst00921052</subfield></datafield><datafield ind1=" " ind2="7" tag="650"><subfield code="a">Farmers</subfield><subfield code="x">Education.</subfield><subfield code="2">fast</subfield><subfield code="0">(OCoLC)fst00921331</subfield></datafield><datafield ind1=" " ind2="7" tag="650"><subfield code="a">Horticulture.</subfield><subfield code="2">fast</subfield><subfield code="0">(OCoLC)fst00960791</subfield></datafield><datafield ind1=" " ind2="7" tag="651"><subfield code="a">Middle West.</subfield><subfield code="2">fast</subfield><subfield code="0">(OCoLC)fst01240052</subfield></datafield><datafield ind1=" " ind2=" " tag="752"><subfield code="a">United States</subfield><subfield code="b">Illinois</subfield><subfield code="c">Cook</subfield><subfield code="d">Chicago.</subfield></datafield></record>